@book{ball07,
	author={Ball, P.},
	title={Masa krytyczna. Jak jedno z drugiego wynika.}, 
	year={2007},
	publisher={Insignis Krakow},
	note={(in Polish)}
}

@article{brock92,
	author={Brock, W. and Lakonishok, J. and LeBaron B.},
	title={Simple technical trading rules and stochastic properties of stock returns.},
	journal={Journal of Finance 47},
	year={1992}, 
	pages={1731--1764}
}

@article{cai05,
	author={Cai, B.M. and Cai, C.X. and Keasey, K.},
	title={Market Efficiency and Returns to Simple Technical Trading Rules: Further Evidence form US, UK, Asian and Cinese Stock Markets.},
	journal={Asia-Pacific Financial Markets, Springer},
	year={2005},
	pages={45-60}
}

@article{fama91,
	author={Fama, E.},
	title={Efficient capital markets. },
	journal={Journal of Financial Economics},
	year={1991},
	volume={11},
	pages={1575--1617}
}

@article{fama98,
	author={Fama, E.},
	title={Market efficiency, long-term returns, and behavioral finance.},
	journal={Journal of Financial Economics},
	year={1998},
	volume={49},
	pages={283-306}
}

@article{friesen09,
	author={Friesen, G.C.F and Weller, P. and Dunham, L.M.},
	title={Price trends and patterns in technical analysis: A theoretical and empirical examination.},
	journal={Journal of Banking \& Finance},
	year={2009},
	volume={33},
	pages={1089-1100}
}

@article{fujimoto03,
	author={Fujimoto, K. and Nakabayashi, S.},
	title={Applying GMDH Algorithm to Extract Rules from Examples.},
	journal={Systems Analysis Modelling Simulation},
	year={2003},
	volume={43},
		number={10},
	pages={1311-1319}
}
@article{gencay99,
	author={Gencay, R.},
	title={Linear, non-linear and essential foreign exchange rate prediction with simple technical trading rules.},
	journal={Journal of International Economics},
	year={1999},
	volume={47},
	pages={91-107}
}
@article{kompa08,
	author={Kompa, K. and Matuszewska Janica, A.},
	title={Examination of Warsaw Stock Exchange Indexes Behaviour: Applications of Rolling Windows Variance Ratio Test.},
	journal={Polish Journal of Environmental Studies},
	year={2008},
	pages={150-154},
	volume={17},
      number={3b}
}

@book{krutsinger99,
	author={Krutsinger, J.},
	title={Systemy transakcyjne.Sekrety mistrzów.}, 
	year={1999},
	publisher={Wig-Press, Warszawa},
	note={(in Polish)}
}

@article{lebaron99,
	author={LeBaron, B.},
	title={Technical trading rules and regime shifts in foreign exchange intervention.},
	journal={Journal of International Economics},
	year={1999},
	volume={49},
		number={10},
	pages={125-143}
}

@article{muriel04,
	author={Muriel, A.},
	title={Short-term predictions in forex trading,},
	journal={Physica A},
	year={2004},
	volume={344},
	pages={190-193}
}

@article{pawlak02,
	author={Pawlak, Z.},
	title={Rough sets and intelligent data analysis.},
	journal={Information Sciences},
	year={2002},
	volume={147},
	pages={1-12}
}

@book{pedrycz97,
	author={Pedrycz, W.},
	title={Computational Intelligence: An Introduction.},
	year={1997},
	publisher={CRC Press}
}

@article{raghuraj09,
	author={Raghuraj, R.K.},
	title={Lakshminarayanan S. Variable Predictive Models - A new multivariate classification approach for pattern recognition application.},
	journal={Elsevier, Pattern Recognition},
	year={2009},
	volume={42},
		number={1},
	pages={7-17}
}

@article{rua09,
	author={Rua, A. and Nunes, C.},
	title={International comovement of stock market: A wavelet analysis.},
	journal={Journal of Empirical Finance},
	year={2009}
}

@book{satchwell05,
	author={Satchwell, Ch.},
	title={Pattern Recognition and Trading Decisions.}, 
	year={2005},
	publisher={McGraw Hill, New York}
}

@book{schwager02,
	author={Schwager, J.D.},
	title={Analiza techniczna rynków terminowych.}, 
	year={2002},
	publisher={WIG-Press, Warszawa},
	note={(in Polish)}
}

@article{tian02,
	author={Tian, G.G. and Wan, G.H. and Guo, M.},
	title={Market efficiency and the returns to simple technical trading rules : New evidence from U.S. equity makets and Chinese equity markets.},
	journal={Asia-Pacific Financial Markets.},
	year={2002},
	volume={9},
	pages={241-288}
}	

@book{wilinski09,
	author={Wiliński, A.},
	title={GMDH - Group Method of Data Handling in algorithmic trading prediction tasks on financial markets.}, 
	year={2009},
	publisher={Warszawa},
	note={(in Polish)}
}

@article{wu12,
	author={Wu Yu, J. and Yu, J.},
	title={Rainfall time series forecasting based on Modular RBF Neural Network model coupled with SSA and PLS.},
	journal={Journal of Theoretical and Applied Computer Science},
	year={2012},
	volume={6},
		number={2},
	pages={3-12}
}